% This file was created with JabRef 2.10.
% Encoding: UTF-8


@Article{Bargiel1991,
  Title                    = {C-language molecular dynamics program for the simulation of Lennard-Jones particles},
  Author                   = {Bargieł, Monika and Dzwinel, Witold and Kitowski, Jacek and Mościński, Jacek},
  Journal                  = {Computer Physics Communications},
  Year                     = {1991},

  Month                    = {Apr},
  Number                   = {1},
  Pages                    = {193–205},
  Volume                   = {64},

  __markedentry            = {[deimos:]},
  Doi                      = {10.1016/0010-4655(91)90061-o},
  ISSN                     = {0010-4655},
  Owner                    = {deimos},
  Publisher                = {Elsevier BV},
  Timestamp                = {2014.06.14},
  Url                      = {http://dx.doi.org/10.1016/0010-4655(91)90061-o}
}

@Article{Deaven1995,
  Title                    = {Molecular Geometry Optimization with a Genetic Algorithm},
  Author                   = {Deaven, D. and Ho, K.},
  Journal                  = {Physical Review Letters},
  Year                     = {1995},

  Month                    = {Jul},
  Number                   = {2},
  Pages                    = {288–291},
  Volume                   = {75},

  Doi                      = {10.1103/physrevlett.75.288},
  ISSN                     = {1079-7114},
  Owner                    = {deimos},
  Publisher                = {American Physical Society (APS)},
  Timestamp                = {2014.06.14},
  Url                      = {http://dx.doi.org/10.1103/PhysRevLett.75.288}
}

@Book{Eckstein1991,
  Title                    = {Computer Simulation of Ion-Solid Interactions (Springer Series in Materials Science)},
  Author                   = {Wolfgang Eckstein},
  Publisher                = {Springer},
  Year                     = {1991},

  __markedentry            = {[deimos:6]},
  ISBN                     = {3540190570},
  Owner                    = {deimos},
  Timestamp                = {2014.06.14}
}

@Article{Hartke1993,
  Title                    = {Global geometry optimization of clusters using genetic algorithms},
  Author                   = {Hartke, Bernd},
  Journal                  = {The Journal of Physical Chemistry},
  Year                     = {1993},

  Month                    = {Sep},
  Number                   = {39},
  Pages                    = {9973–9976},
  Volume                   = {97},

  Doi                      = {10.1021/j100141a013},
  ISSN                     = {1541-5740},
  Owner                    = {deimos},
  Publisher                = {American Chemical Society (ACS)},
  Timestamp                = {2014.06.14},
  Url                      = {http://dx.doi.org/10.1021/j100141a013}
}

@Article{Johnston2002,
  Title                    = {Application of Genetic Algorithms in Nanoscience: Cluster Geometry Optimization},
  Author                   = {Johnston, Roy L. and Mortimer-Jones, Thomas V. and Roberts, Christopher and Darby, Sarah and Manby, Frederick R.},
  Journal                  = {Lecture Notes in Computer Science},
  Year                     = {2002},
  Pages                    = {92–101},

  Doi                      = {10.1007/3-540-46004-7_10},
  ISBN                     = {http://id.crossref.org/isbn/978-3-540-43432-0},
  Owner                    = {deimos},
  Publisher                = {Springer Science + Business Media},
  Timestamp                = {2014.06.14},
  Url                      = {http://dx.doi.org/10.1007/3-540-46004-7_10}
}

@Misc{kimura1998,
  Title                    = {The Quantum Sutton-Chen Many-Body Potential for Properties of fcc Metals},

  Author                   = {Yoshitaka Kimura and Yue Qi and Tahir C Agin and William A. Goddard Iii},
  Year                     = {1998},

  Owner                    = {deimos},
  Timestamp                = {2014.06.14}
}

@Article{Xiao1993,
  Title                    = {Genetic algorithm: a new approach to the prediction of the structure of molecular clusters},
  Author                   = {Xiao, Yongliang and Williams, Donald E.},
  Journal                  = {Chemical Physics Letters},
  Year                     = {1993},

  Month                    = {Nov},
  Number                   = {1-3},
  Pages                    = {17–24},
  Volume                   = {215},

  Doi                      = {10.1016/0009-2614(93)89256-h},
  ISSN                     = {0009-2614},
  Owner                    = {deimos},
  Publisher                = {Elsevier BV},
  Timestamp                = {2014.06.14},
  Url                      = {http://dx.doi.org/10.1016/0009-2614(93)89256-H}
}

@Article{Zeiri1995,
  Title                    = {Prediction of the lowest energy structure of clusters using a genetic algorithm},
  Author                   = {Zeiri, Yehuda},
  Journal                  = {Phys. Rev. E},
  Year                     = {1995},

  Month                    = {Apr},
  Number                   = {4},
  Pages                    = {R2769–R2772},
  Volume                   = {51},

  Doi                      = {10.1103/physreve.51.r2769},
  ISSN                     = {1095-3787},
  Owner                    = {deimos},
  Publisher                = {American Physical Society (APS)},
  Timestamp                = {2014.06.14},
  Url                      = {http://dx.doi.org/10.1103/PhysRevE.51.R2769}
}

